1987 3294
1115 245 1140 281 6

472 338 687 381 Esenbeck
723 334 940 393 Hepaticas
971 334 1190 377 Javanicas
1210 334 1230 375 ὲ
1253 332 1542 375 Reinwardtio
1578 339 1615 371 et
1647 329 1753 371 Blu-

471 417 559 459 mio
587 415 730 456 allatas
745 411 1106 471 {descriptionibus
1130 409 1351 452 illustravit
1372 408 1465 466 3Cl.
1486 407 1689 465 Sprengel
1718 407 1760 448 in

472 501 700 551 systemate
723 491 1016 547 vegetabilium
1032 522 1046 546 ‚
1069 489 1287 548 Hepaticas
1319 490 1446 531 totius
1481 484 1608 529 Orbis
1629 501 1759 527 com-

470 571 668 628 pendiose
697 569 941 627 descripsit3
975 567 1040 611 Cl.
1073 567 1343 622 Lindenberg
1367 565 1577 623 synopsin
1610 563 1757 622 Hepa-

472 651 655 692 ticarum
669 649 978 706 Europaearum
994 647 1234 690 numerosis
1252 645 1612 689 observationibus
1633 646 1758 688 illus-

470 737 630 771 tratam
653 728 858 787 praebuit,
892 726 1330 782 Jungermanniarum
1347 725 1583 768 vastissimo
1608 738 1767 780 genere-

470 807 521 847 de
565 806 730 860 integro
772 811 1001 846 asservato.
1043 801 1298 860 Nuperrime
1335 810 1479 844 autem
1510 799 1560 844 cl.
1588 800 1758 858 Corda,

468 885 513 925 in
530 882 845 925 undevicesimo
861 878 1060 923 fasciculo
1074 881 1319 939 plantarum
1341 881 1759 940 cryptogamicarum

469 960 708 1003 Germaniae
751 959 925 1001 Domini
973 957 1122 1001 Sturm
1151 990 1165 1014 ‚
1225 973 1375 1014 genera
1417 959 1601 1016 plurima
1634 975 1657 1001 a
1694 974 1763 1002 me

467 1041 598 1096 longo
631 1039 784 1081 abhinc
829 1046 1021 1096 tempore
1058 1038 1321 1092 constituta,
1357 1037 1477 1080 novis
1511 1036 1767 1079 denomina-

468 1118 650 1160 tionibus
669 1116 881 1159 indicavit.
913 1114 1020 1170 Quae
1058 1131 1159 1157 cum
1194 1115 1251 1156 ita
1278 1114 1389 1170 sint,
1421 1121 1468 1155 ut
1493 1114 1762 1172 prioritatem

468 1194 604 1252 operis
624 1208 815 1248 servem,
843 1207 1026 1251 praesens
1046 1191 1305 1250 opusculum
1322 1190 1440 1247 quasi
1473 1192 1764 1249 prodromum

466 1271 637 1330 majoris
681 1270 816 1329 operis
849 1270 965 1326 quod
1004 1284 1110 1311 mox
1149 1270 1194 1310 in
1244 1269 1385 1310 lucem
1431 1269 1555 1311 edere
1598 1268 1754 1327 cupio,

466 1349 774 1406 publicandum
802 1348 963 1390 censui.

525 1428 575 1468 In
628 1427 1059 1469 commentationibus
1118 1426 1220 1470 meis
1278 1425 1484 1468 botanicis
1520 1455 1534 1480 ‚
1600 1440 1754 1482 genera

464 1505 712 1563 plantarum
765 1504 1180 1561 cryptogamicarum
1222 1503 1266 1544 in
1310 1501 1490 1545 familias
1536 1503 1752 1546 naturales

466 1581 734 1640 dispertiens,
751 1580 1053 1638 Hepaticarum
1071 1580 1292 1622 eohortem
1313 1580 1358 1621 in
1377 1577 1553 1622 familias
1568 1580 1755 1637 quinque

465 1658 685 1711 distribui,
717 1673 842 1714 quas,
872 1658 905 1699 si
923 1656 1129 1700 familiam
1159 1658 1370 1714 integram
1402 1672 1569 1700 servare
1595 1659 1756 1713 mavis,

464 1751 544 1795 pro
571 1736 746 1778 totidem
777 1735 972 1778 tribubus
1005 1735 1159 1777 habere
1191 1743 1323 1794 potes.
1357 1734 1431 1778 Hae
1465 1743 1609 1778 autem
1645 1735 1754 1780 divi-

464 1815 603 1857 siones
638 1823 858 1871 sequentes
893 1822 994 1856 sunt
1031 1829 1040 1855 :

528 1911 566 1937 1.
601 1894 1042 1935 JUNGERMANNIDEAE
1088 1905 1097 1933 τ
1134 1892 1290 1934 Fructu
1340 1893 1530 1935 solitario
1568 1895 1749 1952 quadri-

462 1972 617 2031 partito
632 1972 697 2013 vel
717 1987 795 2028 qua
803 1972 979 2014 drivalvi
994 2002 1007 2026 ‚
1021 1972 1317 2030 deoperculato
1328 2003 1341 2028 ,
1360 1973 1560 2015 columna
1575 1976 1753 2018 centrali

463 2051 665 2092 destituto
691 2083 704 2100 ,
746 2050 975 2093 seminibus
1024 2051 1329 2108 elateribusque
1372 2053 1648 2096 intermixtis.
1694 2079 1752 2086 —

463 2130 620 2172 Planta:
650 2131 872 2188 saepissime
907 2130 1069 2174 foliosae
1100 2132 1316 2175 interdum
1347 2130 1561 2175 frondosae
1582 2130 1747 2190 ‚Spha-

465 2208 623 2263 gnideis
650 2209 914 2252 Andraeaceis
941 2225 1019 2265 que
1056 2209 1117 2268 (Ἴ
1151 2211 1310 2254 affines.
1350 2237 1407 2244 --
1447 2211 1607 2254 Genera
1637 2209 1747 2251 Jun-

466 2286 712 2340 germannia
741 2295 781 2327 et
817 2287 944 2328 Blasia
979 2287 1139 2328 Linnei.

510 2460 556 2505 (1)
582 2461 781 2495 Schisthccm
796 2489 806 2504 ,
826 2461 958 2496 Comm.
979 2463 1049 2495 bot.
1068 2476 1100 2507 p.
1121 2463 1178 2496 68.
