1875 3278
832 252 854 291 7

283 358 327 386 2.
359 342 774 386 CEPHALOTHECEAE
796 358 830 382 s.
861 338 1500 398 MARCHANT1A0EAE:Capsulis

221 422 265 462 in
314 421 578 478 receptaculo
640 418 858 461 communi
912 418 1093 476 stipitato
1141 418 1388 473 aggregatis,
1447 441 1506 450 ——

217 497 438 553 Vegetatio
483 496 711 553 frondosa,
754 511 976 552 nunquam
1024 496 1187 538 foliosa.
1236 521 1292 528 -
1339 495 1505 538 Genera

214 573 442 617 Lunularia
467 605 480 629 ‚
518 574 777 617 Marehantia
795 604 808 628 ,
829 570 1148 631 Conocephalus
1167 606 1181 622 ,
1199 572 1434 614 Fimbraria
1467 581 1508 614 et

212 648 460 693 Grimatdia.

276 728 317 767 5.
350 728 732 771 ANTflocamNEAE
751 761 765 782 ,
803 747 907 785 quas
951 732 1101 773 melisis
1133 728 1507 773 CARPOCERINEAE

212 816 362 846 vocare
395 801 547 846 vellem
585 814 595 843 :
630 801 806 861 Capsula
851 806 1033 846 solitaria
1081 806 1257 859 bimlvi,
1306 808 1505 849 columna

212 879 389 922 centrali
420 878 669 937 persistente
688 910 701 934 ,
722 881 923 938 operculo
962 880 1109 934 nullo,
1152 881 1383 923 seminibus
1411 884 1506 924 ela—

208 956 454 1013 teribusque
490 956 766 1000 intermixtis.
800 980 857 988 —n-
892 956 1114 1013 vegetatio
1148 955 1352 1001 frondosa
1379 975 1505 1002 nun·-

208 1036 341 1092 quam
368 1033 530 1078 foliosa.
555 1060 610 1068 —
632 1035 798 1079 Genera
829 1035 1099 1079 Anthoceros
1128 1044 1170 1078 et
1196 1036 1442 1081 Blandovia.

271 1111 316 1154 4.
351 1112 693 1155 TARGIONIDEAE
723 1127 733 1154 :
767 1113 1000 1171 Pericarpio
1055 1114 1155 1155 hinc
1197 1110 1299 1155 fisso
1347 1113 1500 1159 bivalvi

211 1192 358 1247 sessili,
380 1189 603 1235 columella
619 1189 748 1233 nulla.
766 1215 822 1222 --
840 1190 1062 1247 Vegetatio
1093 1189 1291 1233 frondosa
1314 1192 1501 1250 aphylla.

211 1295 269 1303 -—
306 1270 471 1313 Genera
502 1270 728 1326 Targionia
763 1278 806 1312 et
837 1268 1073 1312 Monoclea.

271 1349 314 1390 5.
347 1348 607 1391 RICCIACEAE
655 1361 664 1389 ε
716 1347 951 1406 Pericarpio
999 1348 1133 1392 evalvi
1182 1347 1469 1390 indehiscente
1485 1379 1499 1403 ‚

207 1427 429 1470 elateribus
462 1427 603 1470 nullis.
659 1451 716 1459 —-
765 1426 985 1481 vegetatio
1038 1425 1240 1467 frondosa
1296 1424 1465 1483 aphylla
1486 1458 1500 1481 ,

208 1504 341 1547 thallo
369 1504 610 1546 Lichenum
647 1502 799 1544 affinis.
840 1526 897 1533 —
939 1501 1105 1544 Genera
1139 1500 1497 1561 Sphaerocarpus,

214 1578 437 1624 Tessellina
454 1612 468 1637 ,
482 1580 622 1623 Riccia
640 1610 654 1635 ,
668 1580 858 1622 Ricciella
878 1612 893 1637 ,
922 1578 1115 1622 Corsinia
1132 1587 1174 1621 et
1190 1579 1497 1640 BrissocarpuS.

271 1661 321 1706 In
335 1661 553 1703 exarando
566 1658 975 1717 praesentiopusculo
991 1658 1034 1699 id
1051 1659 1322 1718 potissimam
1334 1667 1499 1717 specta-

211 1739 252 1782 vi
271 1737 789 1795 ‚Jungermannidearum
805 1752 954 1794 genera
974 1754 995 1779 a
1018 1753 1085 1779 me
1099 1738 1312 1796 proposita
1331 1769 1344 1792 ,
1358 1738 1498 1780 denuc

215 1815 475 1871 describere,
503 1817 739 1874 speciesque
767 1830 912 1858 omnes
939 1816 1145 1858 hactenns
1173 1830 1248 1874 per
1279 1815 1498 1873 Europam

214 1892 446 1949 divulgatas
478 1894 644 1949 singulo
672 1894 813 1948 generi
845 1892 1020 1935 referre.
1051 1891 1146 1935 Non
1178 1906 1286 1948 nego
1311 1893 1497 1951 objecta-

211 1972 376 2014 tionem
394 1971 487 2013 fieri
507 1986 628 2029 posse
645 2002 658 2026 ,
680 1972 834 2013 scilicet
853 1971 874 2011 J
879 1969 1258 2024 ungermannideas
1277 1973 1374 2011 rari)
1397 1986 1496 2012 cum

207 2047 358 2090 fructu
374 2048 548 2106 reperiri
564 2079 578 2103 ,
595 2049 707 2090 unde
724 2048 890 2089 difficile
914 2046 1081 2091 videtur
1099 2061 1166 2089 eas
1185 2047 1238 2088 ad
1255 2063 1406 2105 genera
1425 2063 1496 2089 re-

214 2124 331 2168 ferre
351 2126 586 2168 secundam
608 2126 869 2169 characteres
889 2125 1224 2169 fructificationis
1240 2128 1492 2182 constituta3

221 2213 411 2247 attamen
430 2207 592 2248 nodum
610 2205 884 2264 expediturus
903 2238 915 2261 ‚
944 2207 1105 2250 clavem
1123 2206 1378 2264 analyticam
1401 2223 1495 2266 spe-

224 2285 387 2327 cierum
407 2285 459 2327 ad
477 2299 675 2326 normam
691 2283 897 2327 Candollii
914 2291 955 2326 et
973 2283 1155 2326 Hookeri
1170 2287 1395 2343 proposui,
1414 2289 1496 2343 qua

220 2360 341 2405 facile
376 2363 528 2421 species
567 2363 620 2404 ad
652 2375 803 2418 genera
838 2378 911 2405 sua
943 2360 1198 2405 referentur.

291 2441 466 2497 Restat,
500 2443 644 2486 animo
678 2451 797 2499 grato
813 2474 825 2498 ‚
852 2444 903 2485 cl.
925 2442 1168 2488 Hookerum
1185 2448 1500 2505 monographiae
